@inproceedings{CSF:AGRS24,
  author = {Behzad Abdolmaleki and
            Noemi Glaeser and
            Sebastian Ramacher and
            Daniel Slamanig},
  title  = {Circuit-Succinct Universally-Composable {NIZK}s with Updatable {CRS}},
  year   = 2024
}

@misc{EPRINT:GSZB23,
  author       = {Noemi Glaeser and István András Seres and Michael Zhu and Joseph Bonneau},
  title        = {Cicada: A framework for private non-interactive on-chain auctions and voting},
  howpublished = {Cryptology ePrint Archive, Paper 2023/1473},
  year         = {2023},
  note         = {\url{https://eprint.iacr.org/2023/1473}},
  url          = {https://eprint.iacr.org/2023/1473}
}